<?xml version="1.0" encoding="UTF-8"?>
<record xmlns="http://www.loc.gov/MARC21/slim">
   <leader>00847cam a22002175  4500</leader>
   <controlfield tag="001">2407729</controlfield>
   <controlfield tag="003">NjP</controlfield>
   <controlfield tag="005">20170802165943.0</controlfield>
   <controlfield tag="008">850611m19511955tu       b    000 0 ara d</controlfield>
   <datafield tag="024" ind1="7" ind2=" ">
      <subfield code="a">princeton_aco004897</subfield>
      <subfield code="2">local</subfield>
   </datafield>
   <datafield ind1=" " ind2=" " tag="035">
      <subfield code="a">(OCoLC)ocm12144073</subfield>
   </datafield>
   <datafield ind1=" " ind2=" " tag="035">
      <subfield code="9">CLG0779TS</subfield>
   </datafield>
   <datafield ind1=" " ind2=" " tag="040">
      <subfield code="a">CLU</subfield>
      <subfield code="c">CLU</subfield>
      <subfield code="d">PUL</subfield>
   </datafield>
   <datafield ind1="1" ind2=" " tag="100">
      <subfield code="a">Bābānī, Ismāʻīl Bāshā,</subfield>
      <subfield code="d">-1920 or 1921.</subfield>
      <subfield code="0">http://id.loc.gov/authorities/names/nr93014103</subfield>
   </datafield>
   <datafield ind1="1" ind2="0" tag="245">
      <subfield code="a">Hadiyyat al-'arifin, asma al-muallifin va asar al-musannifin.</subfield>
   </datafield>
   <datafield ind1=" " ind2=" " tag="260">
      <subfield code="a">Istanbul,</subfield>
      <subfield code="b">Milli egitim basimevi,</subfield>
      <subfield code="c">1951-55.</subfield>
   </datafield>
   <datafield ind1=" " ind2=" " tag="300">
      <subfield code="a">2 v.</subfield>
   </datafield>
   <datafield ind1=" " ind2=" " tag="500">
      <subfield code="a">Added t.-p. in Arabic.</subfield>
   </datafield>
   <datafield ind1=" " ind2="0" tag="650">
      <subfield code="a">Islam</subfield>
      <subfield code="v">Bibliography.</subfield>
      <subfield code="0">http://id.loc.gov/authorities/subjects/sh2008104956</subfield>
   </datafield>
   <datafield ind1=" " ind2=" " tag="945">
      <subfield code="a">SY</subfield>
      <subfield code="b">1</subfield>
      <subfield code="c">2258.4923q</subfield>
      <subfield code="e">v.1</subfield>
   </datafield>
   <datafield ind1=" " ind2=" " tag="911">
      <subfield code="a">19990709</subfield>
   </datafield>
   <datafield ind1="0" ind2="1" tag="852">
      <subfield code="0">2703375</subfield>
      <subfield code="b">sne</subfield>
      <subfield code="c">Oversize</subfield>
      <subfield code="h">Z7835.M6</subfield>
      <subfield code="i">I863 1951q</subfield>
   </datafield>
   <datafield ind1=" " ind2="0" tag="866">
      <subfield code="0">2703375</subfield>
      <subfield code="a">v.1</subfield>
   </datafield>
   <datafield ind1="0" ind2=" " tag="852">
      <subfield code="0">4445221</subfield>
      <subfield code="b">nec</subfield>
      <subfield code="h">Z7835.M6</subfield>
      <subfield code="i">I863 1951q</subfield>
   </datafield>
   <datafield ind1=" " ind2="0" tag="866">
      <subfield code="0">4445221</subfield>
      <subfield code="a">Vol. 1-2</subfield>
   </datafield>
   <datafield ind1=" " ind2=" " tag="959">
      <subfield code="a">2007-11-09 15:16:01 -0400</subfield>
   </datafield>
</record>
